% ГОСТ Р 7.0.11-2011, Приложение Б, Книги

% Мои статьи

@article{Dougherty1983Jul,
	author = {Dougherty, H. and Rodoni, C. and Tompetrini, K. and Nakashima, A.},
	title = {{Space Telescope Pointing Control}},
	journal = {IFAC Proceedings Volumes},
	volume = {16},
	number = {11},
	pages = {15--24},
	year = {1983},
	month = jul,
	issn = {1474-6670},
	publisher = {Elsevier},
	doi = {10.1016/S1474-6670(17)62184-0}
}



@ARTICLE{Patankar2014Feb,
	author = {Patankar, Kunal and Fitz-Coy, Norman and Roithmayr, Carlos M.},
	title = {{Design Considerations for Miniaturized Control Moment Gyroscopes for Rapid Retargeting and Precision Pointing of Small Satellites}},
	year = {2014},
	month = feb,
	note = {[Online; accessed 5. Jan. 2025]},
	url = {https://ntrs.nasa.gov/citations/20150003779}
}
% -------------------------РЕАКТИВНЫЙ МОМЕНТ--------------------------------------------- 
@article{антонов2018компенсация,
  title={Компенсация реактивного момента в электроприводе спутниковых бортових систем},
  author={Антонов, АЕ and Акинин, КП and Киреев, ВГ},
  journal={Технічна електродинаміка},
  number={3},
  pages={66--73},
  year={2018},
  publisher={Національна академія наук України, Інститут електродинаміки}
}

@article{михайлов2014момент,
  title={Момент трения в шарикоподшипниках изделий для космических аппаратов},
  author={Михайлов, Евгений Михайлович},
  journal={Вопросы электромеханики. Труды ВНИИЭМ},
  volume={140},
  number={3},
  pages={3--6},
  year={2014},
  publisher={Акционерное общество Научно-производственная корпорация Космические системы~…}
}


@article{Goncharuk2013,
  author       = {Гончарук, А. В. and Лукьяненко, М. В. and Раевский, В. А.},
  title        = {Определение возмущающего момента при экспериментальной отработке системы наведения антенн космического аппарата},
  journal      = {Сибирский аэрокосмический журнал (Вестник СибГАУ)},
  year         = {2013},
  volume       = {4},
  number       = {50},
  pages        = {162--166},  % по PDF в журнале, можно уточнить
  language     = {russian}
}

@article{Rayanov2020,
  author       = {Раянов, Т. А.},
  title        = {Обзор новых типов датчиков крутящего момента},
  journal      = {Инновационные транспортные системы и технологии},
  year         = {2020},
  volume       = {6},
  number       = {1},
  pages        = {5--14},
  language     = {russian}
}


%--------------------1 Chapter--------------------------------------

@manual{SPOT2013,
  title        = {SPOT 6 \& SPOT 7. Imagery -- User Guide},
  subtitle     = {The Astrium Services optical constellation},
  organization = {Astrium, an EADS Company},
  address      = {Toulouse, France},
  number       = {SI/DC/13034-v1.0},
  year         = {2013},
  pages        = {120},
}

@manual{Pleiades2012,
  title        = {Pléiades Imagery -- User Guide},
  organization = {Airbus Defence and Space Intelligence},
  year         = {2012},
  year         = {2018},
  pages        = {106},
  note         = {First edition 2012, updated 2018},
}

@manual{KOMPSAT2008,
  title        = {KOMPSAT-2 Image Data Manual},
  version      = {1.1},
  date         = {2008-01-25},
  organization = {Satellite Information Research Institute, Korea Aerospace Research Institute},
  pages        = {11},
}

@book{Betenski1983,
  author       = {Betenski, Je. and Hopkins, R. and Shennon, R.},
  title        = {Design of Optical Systems},
  address      = {Moscow},
  publisher    = {Mir},
  year         = {1983},
  pages        = {432},
  note         = {with illustrations},
}

@article{Abolghasemi2012,
  author       = {Abolghasemi, M. and Abbasi-Moghadam, D.},
  title        = {Design and performance evaluation of the imaging payload for a remote sensing satellite},
  journal      = {Optics and Laser Technology},
  year         = {2012},
}

@book{Joseph2015,
  author    = {Joseph, G.},
  title     = {Building Earth Observation Cameras},
  publisher = {CRC Press, Taylor and Francis Group},
  address   = {New York},
  year      = {2015},
}

@article{Wong1992,
  author  = {Wong, H. and Yao, Y. and Schlig, E.},
  title   = {TDI charge coupled devices: Design and applications},
  journal = {IBM Journal of Research and Development},
  volume  = {36},
  number  = {1},
  pages   = {83--106},
  year    = {1992},
}




@article{hamm2015earth,
  title={Earth observation, spatial data quality, and neglected tropical diseases},
  author={Hamm, Nicholas AS and Soares Magalh{\~a}es, Ricardo J and Clements, Archie CA},
  journal={PLoS neglected tropical diseases},
  volume={9},
  number={12},
  pages={e0004164},
  year={2015},
  publisher={Public Library of Science San Francisco, CA USA}
}


@inproceedings{Haghshenas2015,
  author    = {Haghshenas, J.},
  title     = {Effects of satellite platform's vibration on the image quality of a remote sensing payload: System level design and challenges},
  booktitle = {Proc. SPIE},
  year      = {2015},
  volume    = {9626},
  address   = {Jena, Germany},
  pages     = {96260M},
  doi       = {10.1117/12.2191106},
  publisher = {SPIE},
  note      = {14 p.}
}

%Допустимые вибрации
@inproceedings{Haghshenas2015a,
  author    = {Haghshenas, J.},
  title     = {Maximum allowable low-frequency platform vibrations in high resolution satellite missions: Challenges and look-up figures},
  booktitle = {Proc. SPIE},
  year      = {2015},
  volume    = {9626},
  address   = {Jena, Germany},
  pages     = {96260N},
  doi       = {10.1117/12.2191109},
  publisher = {SPIE},
  note      = {10 p.}
}


@article{haroon2020multisized,
  title={Multisized object detection using spaceborne optical imagery},
  author={Haroon, Muhammad and Shahzad, Muhammad and Fraz, Muhammad Moazam},
  journal={IEEE Journal of Selected Topics in Applied Earth Observations and Remote Sensing},
  volume={13},
  pages={3032--3046},
  year={2020},
  publisher={IEEE}
}

@inproceedings{Wahballah2018,
  author    = {Wahballah, W. A. and Bazan, T. M. and Ibrahim, M.},
  title     = {Smear effect on high-resolution remote sensing satellite image quality},
  booktitle = {2018 IEEE Aerospace Conference},
  publisher = {IEEE},
  year      = {2018},
  pages     = {1--14},
}

@book{Andronov2014,
  author    = {Андронов, В. Г.},
  title     = {Моделирование космических сканерных изображений высокого разрешения: методы, модели, технологии},
  publisher = {LAP LAMBERT Academic Publishing GmbH \& Co. KG},
  address   = {Saarbrücken, Germany},
  year      = {2014},
  pages     = {290},
  language  = {russian},
}

@book{Andronov2012,
  author    = {Андронов, В. Г.},
  title     = {Теоретические основы геоорбитального моделирования космических сканерных изображений высокого разрешения: монография},
  publisher = {Юго-Западный государственный университет},
  address   = {Курск},
  year      = {2012},
  pages     = {260},
  language  = {russian},
}

@article{Eremeev2010,
  author  = {Еремеев, В. В. and Егошкин, Н. А.},
  title   = {Коррекция смаза изображений в системах космического наблюдения Земли},
  journal = {Цифровая обработка сигналов},
  year    = {2010},
  number  = {4},
  pages   = {28--33},
  language = {russian},
}

@book{Holst2008,
  author    = {Holst, G. C.},
  title     = {Electro-optical Imaging System Performance},
  publisher = {SPIE -- International Society for Optical Engineering},
  year      = {2008},
}

@article{Xua2003,
  author  = {Xua, P. and Hao, Q. and Huang, C. and Wang, Y.},
  title   = {Degradation of modulation transfer function in push-broom camera caused by mechanical vibration},
  journal = {Optics \& Laser Technology},
  volume  = {35},
  year    = {2003},
  pages   = {---}, % добавить страницы
}

@inproceedings{bouwmeester2023enabling,
  title={Enabling cost-effective high-resolution Earth observation with deployable space telescopes},
  author={Bouwmeester, Jasper and Kuiper, Hans},
  booktitle={IAA Symposium on Small Satellites for Earth Observation},
  year={2023}
}

@article{saunders2017building,
  title={Building large telescopes in orbit using small satellites},
  author={Saunders, Chris and Lobb, Dan and Sweeting, Martin and Gao, Yang},
  journal={Acta Astronautica},
  volume={141},
  pages={183--195},
  year={2017},
  publisher={Elsevier}
}

@article{cheng2024geometric,
  title={Geometric Positioning Accuracy Improvement Method of Micro SAR Satellites With Large Positioning Errors},
  author={Cheng, Qian and Wang, Taoyang and Li, Xin and Wan, Yongcheng and Jing, Maoqiang},
  journal={IEEE Journal of Selected Topics in Applied Earth Observations and Remote Sensing},
  year={2024},
  publisher={IEEE}
}



@article{kandepi2024agile,
  title={Agile earth observation satellite constellations scheduling for large area target imaging using heuristic search},
  author={Kandepi, Radhika and Saini, Himani and George, Raju K and Konduri, Subbarao and Karidhal, Ritu},
  journal={Acta Astronautica},
  volume={219},
  pages={670--677},
  year={2024},
  publisher={Elsevier}
}

@misc{franze2023attitude,
  title={Attitude Dynamics and Control for the Task Scheduling of Agile Earth Observation Satellites},
  author={Franze, Renato},
  year={2023}
}

@article{leskov2010kardan,
  title={Использование двухзвенного механизма для наведения съемочной аппаратуры малого космического аппарата},
  author={Лесков, Алексей Григорьевич and Карандаев, Андрей Александрович},
  journal={Вестник Московского государственного технического университета им. НЭ Баумана. Серия {\guillemotleft}Машиностроение{\guillemotright}},
  number={3},
  pages={40--55},
  year={2010},
  publisher={Федеральное государственное бюджетное образовательное учреждение высшего~…}
}

@article{negro2023inertial,
  title={Inertial stable platforms for precision pointing of optical systems in aerospace applications},
  author={Negro, James and Griffin, Steven F and Kelchner, Bryan L and Beazel, Victor},
  journal={AIAA Journal},
  volume={61},
  number={8},
  pages={3234--3246},
  year={2023},
  publisher={American Institute of Aeronautics and Astronautics}
}

@article{lappas2002attitude,
  title={Attitude control for small satellites using control moment gyros},
  author={Lappas, VJ and Steyn, WH and Underwood, CI},
  journal={Acta Astronautica},
  volume={51},
  number={1-9},
  pages={101--111},
  year={2002},
  publisher={Elsevier}
}

@article{углова2019оценка,
  author    = {Углова, А. О. and Лукьяненко, М. В.},
  title     = {Оценка преимуществ использования гиродинов в системах ориентации и стабилизации космических аппаратов},
  journal   = {Актуальные проблемы авиации и космонавтики},
  year      = {2019},
  volume    = {1},
  pages     = {601--603},
  language  = {russian}
}

@article{zhao2023effect,
  title={Effect of gyroscopic moments on the attitude stability of a satellite in an elliptical orbit},
  author={Zhao, Jie and Zhong, Xue and Yu, Kaiping and Xu, Minqiang},
  journal={Nonlinear Dynamics},
  volume={111},
  number={16},
  pages={14957--14976},
  year={2023},
  publisher={Springer}
}

@techreport{shorthill1990infrared,
  title={Infrared Observations of the Solar System in Support of Large Aperture Infrared Telescope (LARITS): Calibration. Appendices},
  author={Shorthill, Richard W},
  year={1990}
}

@techreport{shivanandan1985far,
  title={Far Infrared Imaging Spectrometer for Large Aperture Infrared Telescope System},
  author={Shivanandan, Kandiah},
  year={1985}
}

@inproceedings{pittelkau2012pointing,
  title={Pointing error metrics: displacement, smear, jitter, and smitter with application to image motion MTF},
  author={Pittelkau, Mark and McKinley, William},
  booktitle={AIAA/AAS Astrodynamics Specialist Conference},
  pages={4869},
  year={2012}
}

@techreport{dennehy2021spacecraft,
  title={Spacecraft line-of-sight jitter management and mitigation lessons learned and engineering best practices},
  author={Dennehy, Cornelius J and Wolf, Aron A and Swanson, Davin K},
  year={2021}
}

@article{alvarez2018spacecraft,
  title={Spacecraft micro-vibration: A survey of problems experiences potential solutions and some lessons learned},
  author={Alvarez-Salazar, Oscar S and Dennehy, Cornelius},
  journal={NASA, Washington, DC, USA, Tech. Rep. NASA/TM--2018-220075},
  year={2018}
}

@article{leachtenauer1997general,
  title={General image-quality equation: GIQE},
  author={Leachtenauer, Jon C and Malila, William and Irvine, John and Colburn, Linda and Salvaggio, Nanette},
  journal={Applied optics},
  volume={36},
  number={32},
  pages={8322--8328},
  year={1997},
  publisher={Optical Society of America}
}

%---------------Измерение момента---------------------------------------
@article{yeh2015digital,
  author    = {C. T. Yeh and N. C. Tsai and H. L. Chiu and C. Y. Sue},
  title     = {Digital high-resolution torque sensor and signal processing},
  journal   = {IEEE Sensors Journal},
  year      = {2015},
  volume    = {15},
  pages     = {2093--2100},
  doi       = {10.1109/JSEN.2014.2366497}
}

@article{Hou2009,
  author    = {Hou, Y. and Yao, J. and Zeng, D. and Chen, J. and Zhao, Y.},
  title     = {Development and calibration of a hyperstatic six component force/torque sensor},
  journal   = {Chinese Journal of Mechanical Engineering (English Edition)},
  year      = {2009},
  volume    = {22},
  number    = {4},
  pages     = {505--513},
  doi       = {10.3901/CJME.2009.04.505}
}

@article{Mohammed2008,
  author    = {Mohammed, A. A. S. and Moussa, W. A. and Lou, E.},
  title     = {High sensitivity MEMS strain sensor: Design and simulation},
  journal   = {Sensors},
  year      = {2008},
  volume    = {8},
  number    = {4},
  pages     = {2642--2661},
  doi       = {10.3390/s8042642}
}

@article{Chen2020,
  author    = {Chen, C. and Ma, T. and Jin, H. and Wu, Y. and Hou, Z. and Li, F.},
  title     = {Torque and rotational speed sensor based on resistance and capacitive grating for rotational shaft of mechanical systems},
  journal   = {Mechanical Systems and Signal Processing},
  year      = {2020},
  volume    = {142},
  pages     = {106737},
  doi       = {10.1016/j.ymssp.2020.106737}
}

@inproceedings{Shu2007,
  author    = {Shu, J. and Wen, Y. and Yin, C. and Tan, J.},
  title     = {A New Torque Measurement Principle for Rotating Shafts Based on Magneto-elastic Effect},
  booktitle = {International Conference on Mechanical Engineering and Mechanics},
  address   = {China},
  year      = {2007},
  pages     = {90--93}
}

@article{Zhu2021,
  author    = {Zhu, W. and Shen, Q. and Qin, H.},
  title     = {Monitoring of prestress and bond stress of self-sensing FBG steel strand},
  journal   = {Measurement: Journal of the International Measurement Confederation},
  year      = {2021},
  volume    = {177},
  pages     = {109246},
  doi       = {10.1016/j.measurement.2021.109246}
}


@article{Wang2021,
  author       = {Wang, S. H.},
  title        = {Design of a Non-Contact Radial Torque Sensor with Variable Torque Range by Electromagnetic Coil Coupling with Piezoelectric Sensor},
  journal      = {Materials},
  year         = {2021},
  volume       = {14},
  number       = {24},
  pages        = {7695},
  language     = {english}
}
@inproceedings{wahballah2018smear,
  author    = {Wahballah, W. A. and Bazan, T. M. and Ibrahim, M.},
  title     = {Smear effect on high-resolution remote sensing satellite image quality},
  booktitle = {2018 IEEE Aerospace Conference},
  year      = {2018},
  publisher = {IEEE},
  pages     = {1--14},
  doi       = {10.1109/AERO.2018.8396721},
  language  = {english}
}

@phdthesis{volobuev2021dissertation,
  author    = {Волобуев, Ю. Н.},
  title     = {Разработка и исследование методики коррекции смаза космических изображений в оптико-электронных сканирующих системах},
  school    = {---},
  year      = {2021},
  language  = {russian}
}

@article{Pantenkov2022,
  author    = {Пантенков, Д. Г. and Гусаков, Н. В. and Ломакин, А. А.},
  title     = {Обзор современного состояния орбитальных группировок космических аппаратов дистанционного зондирования Земли и космических ретрансляторов},
  journal   = {Известия высших учебных заведений. Электроника},
  year      = {2022},
  volume    = {27},
  number    = {1},
  pages     = {120--149},
  language  = {russian}
}


@article{gecha2021review,
  author    = {Геча, В. Я. and Жиленев, М. Ю. and Новоселов, С. А.},
  title     = {Обзор средств оценки составляющих качества изображения на выходе спутниковой оптико-электронной аппаратуры дистанционного зондирования Земли в целях обеспечения бортовой обработки снимков на борту космического аппарата},
  journal   = {Вопросы электромеханики. Труды ВНИИЭМ},
  year      = {2021},
  volume    = {185},
  number    = {6},
  pages     = {---},
  language  = {russian}
}

@book{Beizelman1959,
  author    = {Бейзельман, Р. Д. and Цыпкин, Б. В.},
  title     = {Подшипники качения: справочник},
  address   = {М.–Л.},
  publisher = {Машгиз},
  year      = {1959},
  pages     = {608},
  language  = {russian}
}

@inproceedings{Haghshenas2015,
  author    = {Haghshenas, J.},
  title     = {Effects of satellite platform’s vibrations on the image quality of a remote sensing payload: system level design and challenges},
  booktitle = {Optical Systems Design 2015: Optical Design and Engineering VI},
  year      = {2015},
  publisher = {SPIE},
  volume    = {9626},
  pages     = {720--733},
  language  = {english}
}

@patent{RU2466069C2,
  author       = {Порпылев, В. Г. and Соколенко, В. А. and Леканов, А. В. and Халиманович, В. И.},
  title        = {Система поворота солнечной батареи},
  number       = {RU2466069C2},
  nationality  = {RU},
  yearfiled    = {2011},
  year         = {2012},
  holder       = {ОАО "Информационные спутниковые системы" им. акад. М. Ф. Решетнёва},
  datefiled    = {09.02.2011},
  date         = {10.11.2012},
  language     = {russian}
}
@patent{RU2646002C2,
  author       = {Коновалов, С. Ф.},
  title        = {Привод для разворота оборудования на космическом носителе, не создающий реактивного момента},
  number       = {RU2646002C2},
  nationality  = {RU},
  yearfiled    = {2016},
  year         = {2018},
  datefiled    = {11.03.2016},
  date         = {28.02.2018},
  holder       = {Коновалов С.~Ф.},
  language     = {russian}
}




@incollection{Bojtos2017,
  author    = {Bojtos, A. and Szak{\'a}ly, N. and Huba, A.},
  title     = {Development and investigation of photoelastic sensor for torque measurement},
  booktitle = {Advances in Mechanical Engineering},
  bookseries= {Mechanisms and Machine Science},
  volume    = {45},
  pages     = {49--57},
  year      = {2017},
  publisher = {Springer},
  doi       = {10.1007/978-3-319-45387-3_5}
}

@article{Hu2020,
  author    = {Hu, X. M. and Dai, J. G. and Zhu, J.},
  title     = {Design and Performance Analysis of Automobile Power Transmission Platform Based on Photoelectric Torque Sensor},
  journal   = {Journal of Nanoelectronics and Optoelectronics},
  year      = {2020},
  volume    = {15},
  pages     = {1239--1247},
  doi       = {10.1166/jno.2020.2873}
}

@article{Garinei2017,
  author    = {Garinei, A. and Marsili, R.},
  title     = {Development of a non-contact torque transducer based on the laser speckle contrast method},
  journal   = {Journal of Sensors and Sensor Systems},
  year      = {2017},
  volume    = {6},
  pages     = {253--258},
  doi       = {10.5194/jsss-6-253-2017}
}

@article{Sjodahl1996,
  author    = {Sj{\"o}dahl, M.},
  title     = {Strain and torque measurements on cylindrical objects using the laser speckle strain gauge},
  journal   = {Optical Engineering},
  year      = {1996},
  volume    = {35},
  pages     = {1179--1185},
  doi       = {10.1117/1.600606}
}

@book{Babaeva1962,
  author       = {Бабаева, Н. Ф. and others},
  title        = {Детали и элементы гироскопических приборов},
  address      = {Л.},
  publisher    = {Судпромгиз},
  year         = {1962},
  language     = {russian}
}

@book{Delektorskii1968,
  author       = {Делекторский, Б. А. and Мастяев, Н. З. and Орлов, И. Н.},
  title        = {Проектирование гироскопических электродвигателей},
  address      = {М.},
  publisher    = {Машиностроение},
  year         = {1968},
  pages        = {252},
  language     = {russian}
}

@book{Shashanov1971,
  author       = {Шашанов, Л. Н.},
  title        = {Механическая система высокоскоростных электрических двигателей},
  address      = {М.},
  publisher    = {Энергия},
  year         = {1971},
  pages        = {136},
  language     = {russian}
}

@book{Yavlensky1981,
  title        = {Приборные шариковые подшипники: справочник},
  editor       = {Явленский, К. Н.},
  address      = {М.},
  publisher    = {Машиностроение},
  year         = {1981},
  pages        = {351},
  language     = {russian}
}

@article{Mikhailov2014,
  author       = {Михайлов, Е. М.},
  title        = {Момент трения в шарикоподшипниках изделий для космических аппаратов},
  journal      = {Вопросы электромеханики. Труды ВНИИЭМ},
  year         = {2014},
  volume       = {140},
  number       = {3},
  pages        = {3--6},
  language     = {russian}
}


@article{Chen2024,
  author       = {Chen, L. and others},
  title        = {Novel contactless torque sensor based on optical coherence},
  journal      = {Optics and Lasers in Engineering},
  year         = {2024},
  volume       = {174},
  pages        = {107983},
  language     = {english}
}

@article{Hemmati2011,
  author       = {Hemmati, H. and Biswas, A. and Djordjevic, I. B.},
  title        = {Deep-space optical communications: Future perspectives and applications},
  journal      = {Proceedings of the IEEE},
  year         = {2011},
  volume       = {99},
  number       = {11},
  pages        = {2020--2039},
  language     = {english}
}

@article{Kaushal2017,
  author       = {Kaushal, H. and Kaddoum, G.},
  title        = {Optical communication in space: Challenges and mitigation techniques},
  journal      = {IEEE Communications Surveys \& Tutorials},
  year         = {2017},
  volume       = {19},
  number       = {1},
  pages        = {57--96},
  language     = {english}
}

@article{Park2012,
  author       = {Park, C. H. and Son, Y. S. and Kim, B. I. and Ham, S. Y. and Lee, S. W. and Lim, H. C.},
  title        = {Design of tracking mount and controller for mobile satellite laser ranging system},
  journal      = {Advances in Space Research},
  year         = {2012},
  volume       = {49},
  number       = {1},
  pages        = {177--184},
  language     = {english}
}
@article{Zhang2012,
  author       = {Zhang, Zhong-Ping and Yang, Fu-Min and Zhang, Hai-Feng and Wu, Zhi-Bo and Chen, Ju-Ping and Li, Pu and Meng, Wen-Dong},
  title        = {The use of laser ranging to measure space debris},
  journal      = {Research in Astronomy and Astrophysics},
  year         = {2012},
  volume       = {12},
  number       = {2},
  pages        = {212--218},
  language     = {english}
}
@inproceedings{Riesing2017,
  author       = {Riesing, K. and Yoon, H. and Cahoy, K.},
  title        = {A portable optical ground station for low earth orbit satellite communications},
  booktitle    = {2017 IEEE International Conference on Space Optical Systems and Applications (ICSOS)},
  year         = {2017},
  pages        = {108--114},
  publisher    = {IEEE},
  language     = {english}
}


@book{Athani1997,
  author       = {Athani, V. V.},
  title        = {Stepper motors: fundamentals, applications and design},
  publisher    = {New Age International},
  year         = {1997},
  address      = {New Delhi},
  language     = {english}
}

@article{Virgala2015,
  author       = {Virgala, I. and others},
  title        = {Control of stepper motor by microcontroller},
  journal      = {Journal of Automation and Control},
  year         = {2015},
  volume       = {3},
  number       = {3},
  pages        = {131--134},
  language     = {english}
}

@inproceedings{Zhang2012,
  author    = {Z. Zhang and others},
  title     = {A new acceleration and deceleration algorithm and applications},
  booktitle = {2012 Second International Conference on Intelligent System Design and Engineering Application},
  year      = {2012},
  publisher = {IEEE},
  pages     = {121--124},
  doi       = {10.1109/ISDEA.2012.34}
}

@article{Austin2005,
  author  = {D. Austin},
  title   = {Generate stepper-motor speed profiles in real time},
  journal = {Embedded Systems Programming},
  year    = {2005},
  volume  = {1}
}

@article{Zeng2016,
  author  = {M. Zeng and C. Z. Hu and P. F. Hu},
  title   = {Control Algorithm of Acceleration Curve for Stepper Motor},
  journal = {Journal of Control and Systems Engineering},
  year    = {2016},
  volume  = {4},
  number  = {1},
  pages   = {32--39}
}
@inproceedings{Chen2008,
  author    = {T. C. Chen and Y. C. Su},
  title     = {High performance algorithm realization on FPGA for stepper motor controller},
  booktitle = {2008 SICE Annual Conference},
  year      = {2008},
  publisher = {IEEE},
  pages     = {1390--1395}
}


%----------------- Компенсация реактивного момета-----------------------

@article{montenbruck2002satellite,
  title={Satellite orbits: models, methods, and applications},
  author={Montenbruck, Oliver and Gill, Eberhard and Lutze, FH},
  journal={Appl. Mech. Rev.},
  volume={55},
  number={2},
  pages={B27--B28},
  year={2002}
}

@inproceedings{worthington2010design,
  title={Design and development of a high-precision, high-payload telescope dual-drive system},
  author={Worthington, Michael S and Beets, Timothy A and Beno, Joseph H and Mock, Jason R and Murphy, Brian T and South, Brian J and Good, John M},
  booktitle={Ground-Based and Airborne Telescopes III},
  volume={7733},
  pages={1876--1887},
  year={2010},
  organization={SPIE}
}

@inproceedings{liu2008reaction,
  title={Reaction wheel disturbance modeling, jitter analysis, and validation tests for solar dynamics observatory},
  author={Liu, Kuo-Chia and Maghami, Peiman and Blaurock, Carl},
  booktitle={AIAA Guidance, Navigation and Control Conference and Exhibit},
  pages={7232},
  year={2008}
}
@article{alcorn2018fully,
  title={Fully coupled reaction wheel static and dynamic imbalance for spacecraft jitter modeling},
  author={Alcorn, John and Allard, Cody and Schaub, Hanspeter},
  journal={Journal of Guidance, Control, and Dynamics},
  volume={41},
  number={6},
  pages={1380--1388},
  year={2018},
  publisher={American Institute of Aeronautics and Astronautics}
}

@article{singer1990preshaping,
  title={Preshaping command inputs to reduce system vibration},
  author={Singer, Neil C and Seering, Warren P},
  journal={Journal of dynamic systems, measurement, and control},
  volume={112},
  number={1},
  pages={76--82},
  year={1990},
  publisher={American Society of Mechanical Engineers Digital Collection}
}
@article{singhose2009command,
  title={Command shaping for flexible systems: A review of the first 50 years},
  author={Singhose, William},
  journal={International journal of precision engineering and manufacturing},
  volume={10},
  number={4},
  pages={153--168},
  year={2009},
  publisher={Springer}
}


% ------------------СМАЗ ИЗОБРАЖЕНИЯ--------------------------------
@article{геча2021обзор,
  title={Обзор средств оценки составляющих качества изображения на выходе спутниковой оптико-электронной аппаратуры дистанционного зондирования Земли в целях обеспечения бортовой обработки снимков на борту космического аппарата},
  author={Геча, ВЯ and Жиленев, МЮ and Новоселов, СА},
  journal={Вопросы электромеханики. Труды ВНИИЭМ Т},
  volume={185},
  number={6},
  year={2021}
}

@article{andronov2012teory,
  title={Теоретические основы геоорбитального моделирования космических сканерных изображений высокого разрешения},
  author={Андронов, ВГ},
  year={2012},
  publisher={Федеральное государственное бюджетное образовательное учреждение высшего~…}
}


@ARTICLE{Nasirova,
  author =       {Насырова, Г. А.},
  title =        {Модели государственного регулирования страховой деятельности
                  [Электронный ресурс]},
  journal =      {Вестник Финансовой академии},
  year =         {2003},
  number =       {4},
  note =         {Режим доступа: http://vestnik.fa.ru/4(28)2003/4.html},
  language =     {russian}
}

@ARTICLE{Nasirova2,
  author = {Насырова, Г. А.},
  title = {Модели государственного регулирования страховой деятельности},
  journal = {Вестник Финансовой академии},
  year = {2003},
  media = {eresource},
  number = {4},
  note = {Режим доступа: http://vestnik.fa.ru/4(28)2003/4.html},
  language = {russian}
}


%---- Глава 2


%---- Гиродины
@article{Uglova2019,
  author    = {Углова, А. О. and Лукьяненко, М. В.},
  title     = {Оценка преимуществ использования гиродинов в системах ориентации и стабилизации космических аппаратов},
  journal   = {Актуальные проблемы авиации и космонавтики},
  year      = {2019},
  volume    = {1},
  pages     = {601--603},
  language  = {russian}
}


@article{zhao2023effect,
  title={Effect of gyroscopic moments on the attitude stability of a satellite in an elliptical orbit},
  author={Zhao, Jie and Zhong, Xue and Yu, Kaiping and Xu, Minqiang},
  journal={Nonlinear Dynamics},
  volume={111},
  number={16},
  pages={14957--14976},
  year={2023},
  publisher={Springer}
}


%---- расчет смаза

@book{pratt2007digital,
  title={Digital image processing},
  author={Pratt, William K},
  year={2007},
  publisher={Wiley-interscience}
}


% ГОСТ Р 7.0.11-2011, Приложение Б, Статьи

@ARTICLE{Berestova,
  author = {Берестова, Т. Ф.},
  title = {Поисковые инструменты библиотеки},
  journal = {Библиография},
  year = {2006},
  number = {4},
  pages = {19},
  language = {russian}
}

@ARTICLE{Kriger,
  author = {Кригер, И.},
  title =  {Бумага терпит},
  journal = {Новая газета},
  year = {2009},
  note = {1 июля},
  language = {russian}
}


% Examples from https://verbosus.com/bibtex-style-examples.html
@ARTICLE{Article,
  author   = {Peter Adams},
  title    = {The title of the work},
  journal  = {The name of the journal},
  year     = {1993},
  number   = {2},
  pages    = {201-213},
  month    = {7},
  note     = {An optional note},
  volume   = {4},
  language = {english}
}

@BOOK{Book,
  author    = {Peter Babington},
  title     = {The title of the work},
  publisher = {The name of the publisher},
  year      = {1993},
  volume    = {4},
  series    = {10},
  address   = {The address},
  edition   = {3},
  month     = {7},
  note      = {An optional note},
  isbn      = {3257227892},
  language  = {english}
}

@BOOKLET{Booklet,
  title        = {The title of the work},
  author       = {Peter Caxton},
  howpublished = {How it was published},
  address      = {The address of the publisher},
  month        = {7},
  year         = {1993},
  note         = {An optional note},
  language     = {english}
}

@CONFERENCE{Conference,
  author       = {Peter Draper},
  title        = {The title of the work},
  booktitle    = {The title of the book},
  year         = {1993},
  editor       = {The editor},
  volume       = {4},
  series       = {5},
  pages        = {213},
  address      = {The address of the publisher},
  month        = {7},
  organization = {The organization},
  publisher    = {The publisher},
  note         = {An optional note},
  language     = {english}
}

@INBOOK{Inbook,
  author       = {Peter Eston},
  title        = {The title of the work},
  booktitle    = {Book title},
  chapter      = {8},
  pages        = {201-213},
  publisher    = {The name of the publisher},
  year         = {1993},
  volume       = {4},
  series       = {5},
  address      = {The address of the publisher},
  edition      = {3},
  month        = {7},
  note         = {An optional note},
  language     = {english}
}

@INCOLLECTION{Incollection,
  author       = {Peter Farindon},
  title        = {The title of the work},
  booktitle    = {The title of the book},
  publisher    = {The name of the publisher},
  year         = {1993},
  editor       = {The editor},
  volume       = {4},
  series       = {5},
  chapter      = {8},
  pages        = {201-213},
  address      = {The address of the publisher},
  edition      = {3},
  month        = {7},
  note         = {An optional note},
  language     = {english}
}

@MANUAL{Manual,
  title        = {The title of the work},
  author       = {Peter Gainsford},
  organization = {The organization},
  address      = {The address of the publisher},
  edition      = {3},
  month        = {7},
  year         = {1993},
  note         = {An optional note},
  language     = {english}
}

@MASTERSTHESIS{Mastersthesis,
  author       = {Peter Harwood},
  title        = {The title of the work},
  school       = {The school where the thesis was written},
  year         = {1993},
  address      = {The address of the publisher},
  month        = {7},
  note         = {An optional note},
  language     = {english}
}

@MISC{Misc,
  author       = {Peter Isley},
  title        = {The title of the work},
  howpublished = {How it was published},
  month        = {7},
  year         = {1993},
  note         = {An optional note},
  language     = {english}
}

@PHDTHESIS{Phdthesis,
  author       = {Peter Joslin},
  title        = {The title of the work},
  school       = {The school where the thesis was written},
  year         = {1993},
  address      = {The address of the publisher},
  month        = {7},
  note         = {An optional note},
  language     = {english}
}

@PROCEEDINGS{Proceedings,
  title        = {The title of the work},
  year         = {1993},
  editor       = {Peter Kidwelly},
  volume       = {4},
  series       = {5},
  address      = {The address of the publisher},
  month        = {7},
  organization = {The organization},
  publisher    = {The name of the publisher},
  note         = {An optional note},
  language     = {english}
}

@TECHREPORT{Techreport,
  author       = {Peter Lambert},
  title        = {The title of the work},
  institution  = {The institution that published},
  year         = {1993},
  number       = {2},
  address      = {The address of the publisher},
  month        = {7},
  note         = {An optional note},
  language     = {english}
}

@UNPUBLISHED{Unpublished,
  author       = {Peter Marcheford},
  title        = {The title of the work},
  note         = {An optional note},
  month        = {7},
  year         = {1993},
  language     = {english}
}

%%% Реальные примеры

% Инициалы должны быть записаны после запятой, с точками, через пробел
% http://www.kit-e.ru/articles/elcomp/2006_12_124.php
% Подчёркивания в ссылке приходится экранировать
% http://www.kit-e.ru/articles/elcomp/2006\_12\_124.php
@online{medvedev2006jelektronnye,
  title={Электронные компоненты и монтажные подложки},
  author={Медведев, А. М.},
  journal={Компоненты и технологии},
  number={12},
  pages={124--134},
  year={2006},
  medium={Электронный ресурс},
  url = {http://www.kit-e.ru/articles/elcomp/2006\_12\_124.php},
  urldate = {19.01.2015},
  language = {russian}
}

% Real example
% & в названии журнала надо экранировать
% 10.1002/1521-4125(200007)23:7<581::AID-CEAT581>3.0.CO;2-P
% < > в ссылке приходится экранировать %3C и %3E, а потом ещё знаки процента в них экранировать
% 10.1002/1521-4125(200007)23:7%3C581::AID-CEAT581%3E3.0.CO;2-P
% 10.1002/1521-4125(200007)23:7\%3C581::AID-CEAT581\%3E3.0.CO;2-P
% url не нужен. если запись о бумажной публикации
@article {CEAT:CEAT581,
  author = {Deiters, U. K.},
  title = {A Modular Program System for the Calculation of Thermodynamic Properties of Fluids},
  journal = {Chemical Engineering \& Technology},
  volume = {23},
  number = {7},
  publisher = {WILEY-VCH Verlag},
  issn = {1521-4125},
  doi = {10.1002/1521-4125(200007)23:7<581::AID-CEAT581>3.0.CO;2-P},
  pages = {581--584},
  year = {2000},
  language = {english}
}

% Real with  4 authors
@article{doi:10.1080/01932691.2010.513279,
  author = {Young-Sang Cho and Young Kuk Kim and Kook Chae Chung and Chul Jin Choi },
  title = {Deformation of Colloidal Crystals for Photonic Band Gap Tuning},
  journal = {Journal of Dispersion Science and Technology},
  volume = {32},
  number = {10},
  pages = {1408-1415},
  year = {2011},
  doi = {10.1080/01932691.2010.513279},
  language = {english}
}

% doi with (), author with umlaut or other unicode or specific symbols, 9 authors
% latex don't like Gösele1999161 in ref
% Умляуты в авторах понимаются из-за поддержки в юникодной странице pdflatex и xelatex
% Иллюстрация того, что будет. если на английской записи будут поставлена пометка, что язык русский
@article{Gosele1999161,
  title = "Wafer bonding for microsystems technologies",
  journal = "Sensors and Actuators A: Physical",
  volume = "74",
  number = "1–3",
  pages = "161 - 168",
  year = "1999",
  issn = "0924-4247",
  doi = "10.1016/S0924-4247(98)00310-0",
  author = "Gösele, U. and Tong, Q.-Y. and Schumacher, A. and Kräuter, G. and Reiche, M. and Plößl, A. and Kopperschmidt, P. and Lee, T.-H. and Kim, W.-J.",
  keywords = "Wafer bonding",
  keywords = "Fusion bonding",
  keywords = "Pressure sensors",
  keywords = "Interface reactions",
  keywords = "Hydrophilic bonding",
  keywords = "Hydrophobic bonding",
  language = {russian}
}

% Real example (from Google or Springer)
% unmodified styles don't know %language = {English}
% язык писать с маленьких
% иллюстрация incollection
% 10.1007/0-387-32989-7_45
% Подчёркивания в DOI приходится экранировать
% 10.1007/0-387-32989-7\_45
@incollection{Li2007StressAnalysis,
  year={2007},
  isbn={978-0-387-27974-9},
  booktitle={Micro- and Opto-Electronic Materials and Structures: Physics, Mechanics, Design, Reliability, Packaging},
  editor={Suhir, E. and Lee, Y. C. and Wong, C. P.},
  doi={10.1007/0-387-32989-7_45},
  title={Stress Analysis for Processed Silicon Wafers and Packaged Micro-devices},
  publisher={Springer US},
  author={Li, Li and Guo, Yifan and Zheng, Dawei},
  pages={B677-B709},
  language={english}
}

% Real, β sign
% inputenc don't know β sign %aluminosilicate-β-quartz
% Знаки типа β, которые не знает таблица кодировки, с которой работает компилятор нужно заменять на latex команды
% doi должен быть без http://dx.doi.org/
@article{Shoji199895,
title = "Low-temperature anodic bonding using lithium aluminosilicate-\(\beta\)-quartz glass ceramic",
journal = "Sensors and Actuators A: Physical",
volume = "64",
number = "1",
pages = "95 - 100",
year = "1998",
note = "Tenth {IEEE} International Workshop on Micro Electro Mechanical Systems ",
issn = "0924-4247",
doi = "10.1016/S0924-4247(97)01659-2",
author = {Shuichi Shoji and Hiroto Kikuchi and Hirotaka Torigoe},
keywords = "Anodic bonding",
keywords = "Low-temperature bonding",
keywords = "Micro assembly",
keywords = "Micro package",
keywords = "Glass ceramic",
}


% from urlbst package
% Example from Jason Eisner, by mail (nothing special about the entry,
% but he seemed to be having formatting problems with unsrturl and proceedings
% entries.
% http://cs.jhu.edu/~jason/papers/#icassp07
@InProceedings{test:eisner-sample,
  author =       {Damianos Karakos and Sanjeev Khudanpur and Jason
                  Eisner and Carey~E. Priebe},
  title =        {Iterative denoising using {J}ensen-{R}enyi
                  divergences with an application to unsupervised
                  document categorization},
  booktitle =    {Proceedings of ICASSP},
  year =         2007,
  url =          {http://cs.jhu.edu/~jason/papers/\#icassp07}
}

@InProceedings{test:eisner-sample-shorted,
  author =       {Damianos Karakos and Sanjeev Khudanpur and Jason
                  Eisner and Carey~E. Priebe},
  title =        {Iterative denoising using {J}ensen-{R}enyi
                  divergences with an application to unsupervised
                  document categorization},
  booktitle =    {Proceedings of ICASSP},
  shortbooktitle = {Proc. of ICASSP},
  year =         2007,
  url =          {http://cs.jhu.edu/~jason/papers/\#icassp07}
}

% Попытка записать патент имеющимися средствами
@Book{iofis_patent1960,
  title                    = {Способ пайки керамики с~керамикой и~стекла с~металлом : а.\,с.~126728 СССР},
  author                   = {Иофис, Н. А.},
  year                     = {1960},
  numpages                 = {Бюл. № 5.~1},
  language                 = {russian}
}

% Попытка записать патент имеющимися средствами
@Book{AB_patent_Pomerantz_1968,
  title                    = {Anodic bonding : patent no. 3397278 US},
  author                   = {Pomerantz, D. I.},
  year                     = {1968},
  language                 = {english}
}

% !!! этот пример НЕ работает с bibtex
% Примеры оформления патентов из пакета https://www.ctan.org/pkg/biblatex-gost
@Patent{patent2h,
  heading =      {Заявка 1095735 Рос. федерация, МПК\ensuremath{^7} B 64 G 1/00},
  author =       {Тернер, Э. В.},
  authortype =   {США},
  title =        {Одноразовая ракета-носитель},
  media =        {text},
  holder =       {{заявитель Спейс Системз/Лорал, инк.}},
  credits =      {патент. поверенный Егорова Г. Б.},
  reqnumber =    {2000108705/28},
  date =         {2000-04-07},
  publdate =     {2001-03-10},
  publication =  {Бюл. № 7 (I ч.)\midsentence},
  prdate =       {1999-04-09},
  prnumber =     {09/289, 037},
  prcountry =    {countryus},
  pagetotal =    {5 с.~: ил.},
  language =     {russian},
}
@Patent{YrkinCompensation,
  heading =      {А. с. 1007970 СССР, МКИ\ensuremath{^3} В 25.1 15/00},
  author =       {В. С. Ваулин and В. Г. Кемайкин},
  authortype =   {СССР},
  title =        {Устройство для захвата неориентированных деталей типа валов},
  media =        {text},
  reqnumber =    {3360585/25-08},
  date =         {1981-11-23},
  publication =  {Бюл. № 12},
  publdate =     {1983-03-30},
  pagetotal =    {2 с.~: ил.},
  language =     {russian},
}

@Patent{patent2,
  author =       {Тернер, Э. В.},
  authortype =   {США},
  title =        {Одноразовая ракета-носитель},
  media =        {text},
  type =         {patreq},
  number =       1095735,
  location =     {countryru},
  ipc =          {МПК\ensuremath{^7} B 64 G 1/00},
  holder =       {{заявитель Спейс Системз/Лорал, инк.}},
  credits =      {патент. поверенный Егорова Г. Б.},
  reqnumber =    {2000108705/28},
  date =         {2000-04-07},
  publdate =     {2001-03-10},
  publication =  {Бюл. № 7 (I ч.)\midsentence},
  prioritydate = {1999-04-09},
  prioritynumber ={09/289, 037},
  prioritycountry ={countryus},
  pagetotal =    {5 с.~: ил.},
  language =     {russian},
}

%%% Использование дополнительных опций biblatex

@Book{sobenin_kdv,
  author =       {О. А. Вальднер and Н. П. Собенин and Б. В. Зверев and И. С. Щедрин},
  options =      {maxnames=4},
  title =        {Диафрагмированные волноводы},
  subtitle =     {Справочник},
  publisher =    {Энергоатомиздат},
  edition =      3,
  year =         1991,
  pagetotal =    280,
  location =     {М.},
  language =     {russian},
  isbn =         {5-283-03960-9},
}

@InProceedings{initials,
  author =       {Ya.Yu. Ivanov},
  title =        {Stabilization of the initials in the bibliography entries},
  booktitle =    {Proc. of {IPAC'10}},
  options =      {giveninits=false},
  pages =        {1234 -- 4321},
  language =     {english},
  venue =        {Kyoto, Japan},
  publisher =    {JACoW Publishing},
  location =     {Geneva},
  month =        5,
  year =         2010,
}
